@misc{vitalikquote,
    author    = {Yoav Vilner},
    title     = {Some Rights And Wrongs About Blockchain For The Holiday Season},
    url       = {https://www.forbes.com/sites/yoavvilner/2018/12/13/some-rights-and-wrongs-about-blockchain-for-the-holiday-season/},
    year = {2018}
}

@misc{aave,
    title     = {Aave - Protocol Whitepaper},
    url       = {https://github.com/aave/protocol-v2/blob/master/aave-v2-whitepaper.pdf}
}

@misc{compound,
    author    = {Robert Leshner{,} Geoffrey Hayes},
    title     = {Compound: The Money Market Protocol},
    url       = {https://compound.finance/documents/Compound.Whitepaper.pdf}
}

@misc{uniswap,
    author    = {Hayden Adams{,} Noah Zinsmeister{,} Moody Salem{,} River Keefer{,} Dan Robinson},
    title     = {Uniswap v3 Core},
    url       = {https://uniswap.org/whitepaper-v3.pdf}
}

@misc{makerdao,
    author    = {MakerDAO},
    title     = {The Maker Protocol: MakerDAO's Multi-Collateral Dai (MCD) System},
    url       = {https://makerdao.com/en/whitepaper/}
}

@misc{terra,
    author    = {Evan Kereiakes{,} Do Kwon{,} Marco Di Maggio{,} Nicholas Platias},
    title     = {Terra Money: Stability and Adoption},
    url       = {https://assets.website-files.com/611153e7af981472d8da199c/618b02d13e938ae1f8ad1e45_Terra_White_paper.pdf}
}

@misc{axieinfinity,
    title     = {Axie Infinity Whitepaper},
    url       = {https://whitepaper.axieinfinity.com/}
}

@misc{sandbox,
    title     = {The Sandbox Whitepaper},
    url       = {https://installers.sandbox.game/The_Sandbox_Whitepaper_2020.pdf}
}

@misc{defillama,
    title     = {DeFi Llama: Ethereum TVL},
    url       = {https://defillama.com/chain/Ethereum}
}

@misc{gasfee1,
    author    = {Harry Robertson},
    title     = {Ethereum transaction fees are running sky-high. That's infuriating users and boosting rivals like solana and avalanche.},
    url       = {https://markets.businessinsider.com/news/currencies/ethereum-transaction-gas-fees-high-solana-avalanche-cardano-crypto-blockchain-2021-12}
}

@misc{gasfee2,
    author    = {Ishan Pandey},
    title     = {Ethereum's High Gas Fees is Limiting On-chain Activities},
    url       = {https://hackernoon.com/ethereums-high-gas-fees-is-limiting-on-chain-activities}
}

@misc{gashistory,
    title     = {Ethereum Average Gas Price Chart},
    url       = {https://etherscan.io/chart/gasprice}
}

@misc{gasusageperday,
    author    = {Samuel Wan},
    title     = {Uniswap Activity Sends Ethereum Gas Fees Sky High},
    url       = {https://www.newsbtc.com/news/ethereum/uniswap-activity-sends-ethereum-gas-fees-sky-high/}
}

@INPROCEEDINGS{smartcontracttools,
  author={di Angelo, Monika and Salzer, Gernot},
  booktitle={2019 IEEE International Conference on Decentralized Applications and Infrastructures (DAPPCON)}, 
  title={A Survey of Tools for Analyzing Ethereum Smart Contracts}, 
  year={2019},
  volume={},
  number={},
  pages={69-78},
  doi={10.1109/DAPPCON.2019.00018}}

@manual{solidity07breaking,
  title={Solidity v0.7.0 Breaking Changes}, 
  year={2021},
  url = {https://docs.soliditylang.org/en/v0.7.0/070-breaking-changes.html}
}

@manual{solidity08breaking,
  title={Solidity v0.8.0 Breaking Changes}, 
  year={2021},
  url = {https://docs.soliditylang.org/en/v0.8.10/080-breaking-changes.html}
}

@manual{soliditydocs,
  title={Solidity Documentation Release 0.8.12}, 
  year={2021},
  url       = {https://buildmedia.readthedocs.org/media/pdf/solidity/develop/solidity.pdf}
}

@manual{consensystools,
  author={ConsenSys},
  title={A Definitive List of Ethereum Developer Tools}, 
  year={2021},
  url       = {https://media.consensys.net/an-definitive-list-of-ethereum-developer-tools-2159ce865974}
}

@ARTICLE{gaschecker,
  author={Chen, Ting and Feng, Youzheng and Li, Zihao and Zhou, Hao and Luo, Xiaopu and Li, Xiaoqi and Xiao, Xiuzhuo and Chen, Jiachi and Zhang, Xiaosong},
  journal={IEEE Transactions on Emerging Topics in Computing}, 
  title={GasChecker: Scalable Analysis for Discovering Gas-Inefficient Smart Contracts}, 
  year={2021},
  volume={9},
  number={3},
  pages={1433-1448},
  doi={10.1109/TETC.2020.2979019}}

@misc{governmentalstuck,
    author    = {Ethererik},
    title     = {GovernMental's 1100 ETH jackpot payout is stuck because it uses too much gas},
    url       = {https://www.reddit.com/r/ethereum/comments/4ghzhv/governmentals_1100_eth_jackpot_payout_is_stuck/},
    year = {2016}
}

@misc{evmcompatiblechains,
    author    = {Bitcoin Suisse},
    title     = {Compatible Competition - Empowering or Encroaching on Ethereum?},
    url       = {https://www.bitcoinsuisse.com/research/decrypt/compatible-competition-empowering-or-encroaching-on-ethereum},
    year = {2016}
}

@article{godbolt,
author = {Godbolt, Matt},
title = {Optimizations in C++ Compilers},
year = {2020},
issue_date = {February 2020},
publisher = {Association for Computing Machinery},
address = {New York, NY, USA},
volume = {63},
number = {2},
issn = {0001-0782},
url = {https://doi.org/10.1145/3369754},
doi = {10.1145/3369754},
abstract = {A practical journey.},
journal = {Commun. ACM},
month = {jan},
pages = {41-49},
numpages = {9}
}


@article{ethereumyellowpaper,
author = {Wood, Gavin},
title = {ETHEREUM: A SECURE DECENTRALISED GENERALISED TRANSACTION LEDGER},
year = {2021},
month = {Dec},
url = {https://ethereum.github.io/yellowpaper/paper.pdf}
}

@INPROCEEDINGS{designpatternsforgasoptimisation,
  author={Marchesi, Lodovica and Marchesi, Michele and Destefanis, Giuseppe and Barabino, Giulio and Tigano, Danilo},
  booktitle={2020 IEEE International Workshop on Blockchain Oriented Software Engineering (IWBOSE)}, 
  title={Design Patterns for Gas Optimization in Ethereum}, 
  year={2020},
  volume={},
  number={},
  pages={9-15},
  doi={10.1109/IWBOSE50093.2020.9050163}}

@article{underoptimisedcontractsdevour,
  author = {Chen, Ting and Li, Xiaoqi and Luo, Xiapu and Zhang, Xiaosong},
  year = {2017},
  month = {03},
  pages = {},
  title = {Under-Optimized Smart Contracts Devour Your Money}
}

@INPROCEEDINGS{ethash,
  author={Zamanov, Ainur R. and Erokhin, Vladimir A. and Fedotov, Pavel S.},
  booktitle={2018 IEEE Conference of Russian Young Researchers in Electrical and Electronic Engineering (EIConRus)}, 
  title={ASIC-resistant hash functions}, 
  year={2018},
  volume={},
  number={},
  pages={394-396},
  doi={10.1109/EIConRus.2018.8317115}}

@article{eip1559,
  author = {Vitalik Buterin{,} Eric Conner{,} Rick Dudley{,} Matthew Slipper{,} Ian Norden{,} Abdelhamid Bakhta},
  year = {2019},
  month = {Apr},
  title = {EIP-1559: Fee market change for ETH 1.0 chain},
  url={https://eips.ethereum.org/EIPS/eip-1559}
}

@article{eip100,
  author = {Vitalik Buterin},
  year = {2014},
  month = {Apr},
  title = {EIP-100: Change difficulty adjustment to target mean block time including uncles},
  url={https://eips.ethereum.org/EIPS/eip-100}
}

@misc{ethereumpow,
  author = {Ethereum},
  title = {PROOF-OF-WORK (POW)},
  url={https://ethereum.org/en/developers/docs/consensus-mechanisms/pow/}
}

@misc{eth51percentattack,
  author = {Pawan Nahar},
  title = {What are 51 percent attacks in cryptocurrencies?},
  year = {2021},
  month = {Aug},
  url={https://economictimes.indiatimes.com/markets/cryptocurrency/what-are-51-attacks-in-cryptocurrencies/articleshow/85802504.cms}
}

@misc{nickszabosmartcontracts1,
  author = {Nick Szabo},
  title = {Smart Contracts},
  year = {1994},
  url={https://www.fon.hum.uva.nl/rob/Courses/InformationInSpeech/CDROM/Literature/LOTwinterschool2006/szabo.best.vwh.net/smart.contracts.html}
}

@article{nickszabosmartcontracts2, 
  title={Formalizing and Securing Relationships on Public Networks}, 
  volume={2}, 
  url={https://firstmonday.org/ojs/index.php/fm/article/view/548}, 
  DOI={10.5210/fm.v2i9.548}, 
  number={9}, 
  journal={First Monday}, 
  author={Szabo, Nick}, 
  year={1997}, 
  month={Sep.} 
}

@ARTICLE{smartcontractsforiot,
  author={Christidis, Konstantinos and Devetsikiotis, Michael},
  journal={IEEE Access}, 
  title={Blockchains and Smart Contracts for the Internet of Things}, 
  year={2016},
  volume={4},
  number={},
  pages={2292-2303},
  doi={10.1109/ACCESS.2016.2566339}}

@misc{ethdao,
  author = {Ethereum},
  title = {Decentralized autonomous organizations (DAOs)},
  url={https://ethereum.org/en/dao/}
}

@misc{opensea,
  author = {OpenSea},
  title = {OpenSea, the largest NFT marketplace},
  url={https://opensea.io/}
}

@misc{getprotocol,
  author = {GET Foundation},
  title = {GET Protocol Whitepaper},
  url={https://get-protocol.gitbook.io/whitepaper/}
}

@misc{tkets,
  author = {Richard Xiong},
  title = {TKETS: The first decentralised and permissionless NFT ticketing platform, powered by Theta Network},
  url={https://devpost.com/software/tkets}
}

@misc{ethevm,
  author = {Ethereum},
  title = {ETHEREUM VIRTUAL MACHINE (EVM)},
  url={https://ethereum.org/en/developers/docs/evm/}
}

@manual{solidityevm,
  author = {Solidity},
  title={Introduction to Smart Contracts}, 
  year={2021},
  url= {https://docs.soliditylang.org/en/latest/introduction-to-smart-contracts.html}
}

@article{ipfs,
  author    = {Juan Benet},
  title     = {{IPFS} - Content Addressed, Versioned, {P2P} File System},
  journal   = {CoRR},
  volume    = {abs/1407.3561},
  year      = {2014},
  url       = {http://arxiv.org/abs/1407.3561},
  eprinttype = {arXiv},
  eprint    = {1407.3561},
  timestamp = {Mon, 13 Aug 2018 16:47:09 +0200},
  biburl    = {https://dblp.org/rec/journals/corr/Benet14.bib},
  bibsource = {dblp computer science bibliography, https://dblp.org}
}

@misc{arweave,
  author = {Samuel Williams{,} William Jones},
  title = {Arweave Lightpaper},
  year = {2018},
  month = {Apr.},
  url={https://www.arweave.org/files/arweave-lightpaper.pdf}
}

@misc{ethgas,
  author = {Ethereum},
  title = {GAS AND FEES},
  url={https://ethereum.org/en/developers/docs/gas/}
}

@misc{ethdesignrationale,
  author = {Ethereum},
  title = {Design Rationale},
  url={https://eth.wiki/en/fundamentals/design-rationale}
}

@misc{ethsolidity,
  author = {Ethereum},
  title = {SMART CONTRACT LANGUAGES},
  url={https://ethereum.org/en/developers/docs/smart-contracts/languages/}
}

@misc{etherc20,
  author = {Fabian Vogelsteller{,} Vitalik Buterin},
  title = {EIP-20: Token Standard},
  url={https://eips.ethereum.org/EIPS/eip-20}
}

@misc{etherc721,
  author = {William Entriken{,} Dieter Shirley{,} Jacob Evans{,} Nastassia Sachs},
  title = {EIP-721: Non-Fungible Token Standard},
  url={https://eips.ethereum.org/EIPS/eip-721}
}

@misc{openzeppelincontracts,
  author = {OpenZeppelin},
  title = {OpenZeppelin Contracts},
  url={https://github.com/OpenZeppelin/openzeppelin-contracts}
}

@misc{soliditydocsscope,
  author = {Solidity},
  title = {Expressions and Control Structures},
  url={https://docs.soliditylang.org/en/latest/control-structures.html}
}

@misc{solcinputoptions,
  author = {Solidity},
  title = {Using the compiler},
  url={https://docs.soliditylang.org/en/latest/using-the-compiler.html\#compiler-input-and-output-json-description}
}

@misc{solcyul,
  author = {Solidity},
  title = {Yul},
  url={https://docs.soliditylang.org/en/latest/yul.html}
}